@ARTICLE{vanweesbook,
   author = {{van Wees}, Prof.~dr.~ir.~B.~J.},
    title = "{Device Physics Lecture Notes: Semiconductor Physics}",
  journal = {Groningen University},
     year = 2013,
}

@ARTICLE{loinotes,
   author = {{Loi}, Prof.~dr.~M.~A},
    title = "{Device Physics Lecture Notes: Optoelectronic Devices}",
  journal = {Groningen University},
     year = 2013,
}

@ARTICLE{Muccini,
   author = {{Muccini},	M.},
    title = "{A bright future for organic field-effect transistors}",
  journal = {Nature Materials},
     year = 2006,
    month = aug,
   volume = 5,
    pages = {605-613},
}

@ARTICLE{Capelli,
   author = {{Capelli}, R. and {Toffanin} S. and {Generali} G. and {Usta} H. and {Facchetti} A. and {Muccini} M.},
    title = "{Organic light-emitting transistors with an efficiency that outperforms the equivalent light-emitting diodes}",
  journal = {Nature Materials},
     year = 2010,
    month = jun,
   volume = 9,
    pages = {496-503},
}